<?xml version="1.0" encoding="UTF-8"?><record xmlns="http://www.loc.gov/MARC21/slim" xmlns:cinclude="http://apache.org/cocoon/include/1.0" xmlns:zs="http://www.loc.gov/zing/srw/">
  <leader>00406nz  a2200133n  4500</leader>
  <controlfield tag="001">nr 98022604 </controlfield>
  <controlfield tag="003">DLC</controlfield>
  <controlfield tag="005">19980801051431.1</controlfield>
  <controlfield tag="008">980616n| acannaab|          |n aaa     c</controlfield>
  <datafield tag="010" ind1=" " ind2=" ">
    <subfield code="a">nr 98022604 </subfield>
  </datafield>
  <datafield tag="040" ind1=" " ind2=" ">
    <subfield code="a">CSt</subfield>
    <subfield code="c">CSt</subfield>
  </datafield>
  <datafield tag="100" ind1="1" ind2="0">
    <subfield code="a">Danis, Aimée</subfield>
  </datafield>
  <datafield tag="670" ind1=" " ind2=" ">
    <subfield code="a">Souris, tu m'inquiète, 1973:</subfield>
    <subfield code="b">credits (Aimée Danis)</subfield>
  </datafield>
  <datafield tag="670" ind1=" " ind2=" ">
    <subfield code="a">Internet movie database, June 16, 1998</subfield>
    <subfield code="b">(Aimée Danis, producer, director, writer)</subfield>
  </datafield>
</record>